@online{zhou,
    author = "PETER ZHOU",
    title = "THE MODULARITY THEOREM",
    url  = "https://math.uchicago.edu/~may/REU2023/REUPapers/Zhou,Peter.pdf",
}
